<record><leader>00000cas a22000007a 4500</leader><controlfield tag="001">12400063</controlfield><controlfield tag="008">850819d18781879wiuwr ne      0    0eng d</controlfield><datafield ind1=" " ind2=" " tag="010"><subfield code="a">sn 85040933 </subfield></datafield><datafield ind1=" " ind2=" " tag="040"><subfield code="a">NPV</subfield><subfield code="b">eng</subfield><subfield code="c">NPV</subfield><subfield code="d">OCLCQ</subfield></datafield><datafield ind1=" " ind2=" " tag="042"><subfield code="a">msc</subfield></datafield><datafield ind1=" " ind2=" " tag="045"><subfield code="a">w7w7</subfield></datafield><datafield ind1=" " ind2=" " tag="052"><subfield code="a">4123</subfield><subfield code="b">S2</subfield></datafield><datafield ind1="0" ind2="0" tag="245"><subfield code="a">New Richmond greenbacker.</subfield></datafield><datafield ind1="1" ind2="3" tag="246"><subfield code="a">Greenbacker</subfield></datafield><datafield ind1=" " ind2=" " tag="260"><subfield code="a">New Richmond, St. Croix County, Wis. :</subfield><subfield code="b">Kane &amp; Stephens,</subfield><subfield code="c">-1879.</subfield></datafield><datafield ind1=" " ind2=" " tag="300"><subfield code="a">v.</subfield></datafield><datafield ind1=" " ind2=" " tag="310"><subfield code="a">Weekly</subfield></datafield><datafield ind1="1" ind2=" " tag="362"><subfield code="a">Began in 1878?</subfield></datafield><datafield ind1=" " ind2=" " tag="500"><subfield code="a">Publisher varies.</subfield></datafield><datafield ind1=" " ind2=" " tag="500"><subfield code="a">Editors: R.E. Kane &amp; M.P. Stephens, &lt;Feb. 7&gt;-Feb. 28, 1879; M.P. Stephens &amp; O.H.J. Briggs, March 7-July 18, 1879; M.P. Stephens, July 25-Sept. 19, 1879.</subfield></datafield><datafield ind1=" " ind2=" " tag="530"><subfield code="a">Available on microfilm from The State Historical Society of Wisconsin.</subfield></datafield><datafield ind1=" " ind2=" " tag="588"><subfield code="a">Description based on: Vol. 1, no. 20 (Feb. 7, 1879).</subfield></datafield><datafield ind1=" " ind2=" " tag="752"><subfield code="a">United States</subfield><subfield code="b">Wisconsin</subfield><subfield code="c">Saint Croix</subfield><subfield code="d">New Richmond.</subfield></datafield><datafield ind1="0" ind2="0" tag="785"><subfield code="t">New Richmond democrat</subfield><subfield code="w">(DLC)sn 85040934</subfield></datafield></record>